@article{
    goldberg1974survey,
    title={Survey of virtual machine research},
    author={Goldberg, Robert P},
    journal={Computer},
    volume={7},
    number={6},
    pages={34--45},
    year={1974},
    publisher={IEEE}
}

@article{
    parmelee1972virtual,
    title={Virtual storage and virtual machine concepts},
    author={Parmelee, Richard P. and Peterson, Theodore I. and Tillman, C Ci and Hatfield, Donald J},
    journal={IBM Systems Journal},
    volume={11},
    number={2},
    pages={99--130},
    year={1972},
    publisher={IBM}
}

@inproceedings{
    bershad1992using,
    title={Using microbenchmarks to evaluate system performance},
    author={Bershad, BK and Draves, Richard P and Forin, Alessandro},
    booktitle={Workstation Operating Systems, 1992. Proceedings., Third Workshop on},
    pages={148--153},
    year={1992},
    organization={IEEE}
}

@book{
    engler1995exokernel,
    title={Exokernel: An operating system architecture for application-level resource management},
    author={Engler, Dawson R and Kaashoek, M Frans and others},
    volume={29},
    number={5},
    year={1995},
    publisher={ACM}
}

@book{
    bressoud1995hypervisor,
    title={Hypervisor-based fault tolerance},
    author={Bressoud, Thomas C and Schneider, Fred B},
    volume={29},
    number={5},
    year={1995},
    publisher={ACM}
}

@article{
    bugnion1997disco,
    title={Disco: Running commodity operating systems on scalable multiprocessors},
    author={Bugnion, Edouard and Devine, Scott and Govil, Kinshuk and Rosenblum, Mendel},
    journal={ACM Transactions on Computer Systems (TOCS)},
    volume={15},
    number={4},
    pages={412--447},
    year={1997},
    publisher={ACM}
}

@inproceedings{
    chen2001virtual,
    title={When virtual is better than real [operating system relocation to virtual machines]},
    author={Chen, Peter M and Noble, Brian D},
    booktitle={Hot Topics in Operating Systems, 2001. Proceedings of the Eighth Workshop on},
    pages={133--138},
    year={2001},
    organization={IEEE}
}

@article{
    osman2002design,
    title={The design and implementation of Zap: A system for migrating computing environments},
    author={Osman, Steven and Subhraveti, Dinesh and Su, Gong and Nieh, Jason},
    journal={ACM SIGOPS Operating Systems Review},
    volume={36},
    number={SI},
    pages={361--376},
    year={2002},
    publisher={ACM}
}

@inproceedings{
    garfinkel2003terra,
    title={Terra: A virtual machine-based platform for trusted computing},
    author={Garfinkel, Tal and Pfaff, Ben and Chow, Jim and Rosenblum, Mendel and Boneh, Dan},
    booktitle={ACM SIGOPS Operating Systems Review},
    volume={37},
    number={5},
    pages={193--206},
    year={2003},
    organization={ACM}
}

@article{
    thain2003condor,
    title={Condor and the Grid},
    author={Thain, Douglas and Tannenbaum, Todd and Livny, Miron},
    journal={Grid computing: Making the global infrastructure a reality},
    pages={299--335},
    year={2003}
}

@inproceedings{
    price2004solaris,
    title={Solaris Zones: Operating System Support for Consolidating Commercial Workloads},
    author={Price, Daniel and Tucker, Andrew},
    year={2004}
}

@inproceedings{
    clark2005live,
    title={Live migration of virtual machines},
    author={Clark, Christopher and Fraser, Keir and Hand, Steven and Hansen, Jacob Gorm and Jul, Eric and Limpach, Christian and Pratt, Ian and Warfield, Andrew},
    booktitle={Proceedings of the 2nd conference on Symposium on Networked Systems Design \& Implementation-Volume 2},
    pages={273--286},
    year={2005},
    organization={USENIX Association}
}

@article{
    rosenblum2005virtual,
    title={Virtual machine monitors: Current technology and future trends},
    author={Rosenblum, Mendel and Garfinkel, Tal},
    journal={Computer},
    volume={38},
    number={5},
    pages={39--47},
    year={2005},
    publisher={IEEE}
}

@article{
    mergen2006virtualization,
    title={Virtualization for high-performance computing},
    author={Mergen, Mark F and Uhlig, Volkmar and Krieger, Orran and Xenidis, Jimi},
    journal={ACM SIGOPS Operating Systems Review},
    volume={40},
    number={2},
    pages={8--11},
    year={2006},
    publisher={ACM}
}

@inproceedings{
    soltesz2007container,
    title={Container-based operating system virtualization: a scalable, high-performance alternative to hypervisors},
    author={Soltesz, Stephen and P{\"o}tzl, Herbert and Fiuczynski, Marc E and Bavier, Andy and Peterson, Larry},
    booktitle={ACM SIGOPS Operating Systems Review},
    volume={41},
    number={3},
    pages={275--287},
    year={2007},
    organization={ACM}
}

@inproceedings{
    matthews2007quantifying,
    title={Quantifying the performance isolation properties of virtualization systems},
    author={Matthews, Jeanna Neefe and Hu, Wenjin and Hapuarachchi, Madhujith and Deshane, Todd and Dimatos, Demetrios and Hamilton, Gary and McCabe, Michael and Owens, James},
    booktitle={Proceedings of the 2007 workshop on Experimental computer science},
    pages={6},
    year={2007},
    organization={ACM}
}

@inproceedings{
    kivity2007kvm,
    title={kvm: the Linux virtual machine monitor},
    author={Kivity, Avi and Kamay, Yaniv and Laor, Dor and Lublin, Uri and Liguori, Anthony},
    booktitle={Proceedings of the Linux symposium},
    volume={1},
    pages={225--230},
    year={2007}
}

@inproceedings{
    bui2011work,
    title={Work queue+ python: A framework for scalable scientific ensemble applications},
    author={Bui, Peter and Rajan, Dinesh and Abdul-Wahid, Badi and Izaguirre, Jesus and Thain, Douglas},
    year={2011}
}

@inproceedings{
    albrecht2012makeflow,
    title={Makeflow: a portable abstraction for data intensive computing on clusters, clouds, and grids},
    author={Albrecht, Michael and Donnelly, Patrick and Bui, Peter and Thain, Douglas},
    booktitle={Proceedings of the 1st ACM SIGMOD Workshop on Scalable Workflow Execution Engines and Technologies},
    pages={1},
    year={2012},
    organization={ACM}
}

@article{
    rosen2013resource,
    title={Resource management: Linux kernel Namespaces and cgroups},
    author={Rosen, Rami},
    year={2013}
}

@inproceedings{
    xavier2013performance,
    title={Performance evaluation of container-based virtualization for high performance computing environments},
    author={Xavier, Miguel G and Neves, Marcelo V and Rossi, Fabio D and Ferreto, Tiago C and Lange, Timoteo and De Rose, Cesar AF},
    booktitle={2013 21st Euromicro International Conference on Parallel, Distributed, and Network-Based Processing},
    pages={233--240},
    year={2013},
    organization={IEEE}
}

@article{
    felter2014updated,
    title={An Updated Performance Comparison of Virtual Machines and Linux Containers},
    author={Felter, Wes and Ferreira, Alexandre and Rajamony, Ram and Rubio, Juan}, journal={technology},
    volume={28},
    pages={32},
    year={2014}
}

@inproceedings{
    dua2014virtualization,
    title={Virtualization vs containerization to support paas},
    author={Dua, Rajdeep and Raja, A Reddy and Kakadia, Dharmesh},
    booktitle={Cloud Engineering (IC2E), 2014 IEEE International Conference on},
    pages={610--614},
    year={2014},
    organization={IEEE}
}

@article{
    bui2015analysis,
    title={Analysis of docker security},
    author={Bui, Thanh},
    journal={arXiv preprint arXiv:1501.02967},
    year={2015}
}

@inproceedings{
    morabito2015power,
    title={Power Consumption of Virtualization Technologies: an Empirical Investigation},
    author={Morabito, Roberto},
    booktitle={2015 IEEE/ACM 8th International Conference on Utility and Cloud Computing (UCC)},
    pages={522--527},
    year={2015},
    organization={IEEE}
}

@inproceedings{
    morabito2015hypervisors,
    title={Hypervisors vs. lightweight virtualization: a performance comparison},
    author={Morabito, Roberto and Kj{\"a}llman, Jimmy and Komu, Miika},
    booktitle={Cloud Engineering (IC2E), 2015 IEEE International Conference on},
    pages={386--393},
    year={2015},
    organization={IEEE}
}

@misc{
    rocketwb,
    title = {{CoreOS is building a container runtime, Rocket}},
    howpublished = "\url{https://coreos.com/blog/rocket/}",
    year = "2015"
}

@misc{
    dockerwb,
    title = {{Docker project official website}},
    howpublished = "\url{https://www.docker.com/}",
    year = "2015"
}

@inproceedings{
    zheng2015integrating,
    title={Integrating Containers into Workflows: A Case Study Using Makeflow, Work Queue, and Docker},
    author={Zheng, Charles and Thain, Douglas},
    booktitle={Proceedings of the 8th International Workshop on Virtualization Technologies in Distributed Computing},
    pages={31--38},
    year={2015},
    organization={ACM}
}

@misc{
    singularity,
    title = {{Sinularity: Extreme Mobility of Compute}},
    howpublished = "\url{http://singularity.lbl.gov/#home}",
    year = "2016"
}


